@book{lamport94,
	author = {Leslie Lamport},
	title = {LaTeX: A Document Preparation System},
	year  ={1994},
	publisher = {Addison Wesley, Massachusetts},
	edition = {2nd Edition}
}

@article{greenwade93,
    author  = "George D. Greenwade",
    title   = "The {C}omprehensive {T}ex {A}rchive {N}etwork ({CTAN})",
    year    = "1993",
    journal = "TUGBoat",
    volume  = "14",
    number  = "3",
    pages   = "342--351"
}

@book{goossens93,
    author    = "Michel Goossens and Frank Mittlebach and Alexander Samarin",
    title     = "The LaTeX Companion",
    year      = "1993",
    publisher = "Addison-Wesley",
    address   = "Reading, Massachusetts"
}

@article{AbedonHymanThomas2003,
  author = "Abedon, S. T. and Hyman, P. and Thomas, C.",
  year = "2003",
  title = "Experimental examination of bacteriophage latent-period evolution as a response to bacterial availability",
  journal = "Applied and Environmental Microbiology",
  volume = "69",
  pages = "7499--7506"
}
 
@incollection{Abedon1994,
  author = "Abedon, S. T.",
  title = "Lysis and the interaction between free phages and infected cells",
  pages = "397--405",
  booktitle = "Molecular biology of bacteriophage T4",
  editor = "Karam, Jim D. Karam and Drake, John W. and Kreuzer, Kenneth N. and Mosig, Gisela
            and Hall, Dwight and Eiserling, Frederick A. and Black, Lindsay W. and Kutter, Elizabeth
            and Carlson, Karin and Miller, Eric S. and Spicer, Eleanor",
  publisher = "ASM Press, Washington DC",
  year = "1994"
}

@MISC{website:fermentas-lambda,
      AUTHOR = "Fermentas Inc.",
      TITLE = "Phage Lambda: description \& restriction map",
      MONTH = "November",
      YEAR = 2008,
      HOWPUBLISHED = "\url{http://www.fermentas.com/techinfo/nucleicacids/maplambda.htm}"
}
